
@book{foreman2009handbook,
  title={Handbook of set theory},
  editor={Foreman, M. and Kanamori, A.},
  year={2009},
  publisher={Springer Science \& Business Media}
}
@book{hrbacek2017introduction,
  title={Introduction to set theory, revised and expanded},
  author={Hrbacek, K. and Jech, T.},
  year={2017},
  publisher={{CRC} Press}
}
@book{godel1941consistency,
  url = {https://doi.org/10.1515/9781400881635},
  title = {Consistency of the Continuum Hypothesis},
  author = {Kurt Gödel},
  publisher = {Princeton University Press},
  address = {Princeton},
  doi = {doi:10.1515/9781400881635},
  isbn = {9781400881635},
  series = {Annals of Mathematics Studies},
  volume = {3},
  year = {1941},
  lastchecked = {2025-03-26}
}
@book{kunen1984handbook,
  title={Handbook of set-theoretic topology},
  editor={Kunen, K. and Vaughan, J.},
  year={1984},
  publisher={Elsevier}
}
@book{kunen2009foundations,
  title={The Foundations of Mathematics},
  author={Kunen, K.},
  isbn={9781904987147},
  series={Mathematical logic and foundations},
  url={https://books.google.com.br/books?id=_B_oQQAACAAJ},
  year={2009},
  publisher={College Publications}
}
@book{kunen2011set,
  title={Set Theory},
  author={Kunen, K.},
  isbn={9781848900509},
  series={Studies in logic},
  url={https://books.google.com.br/books?id=Zn8ppwAACAAJ},
  year={2011},
  publisher={College Publications}
}
@inbook{blass2009combinatorial,
  title={Combinatorial cardinal characteristics of the continuum},
  author={Blass, A.},
  booktitle={Handbook of set theory},
  pages={395--489},
  year={2009},
  publisher={Springer}
}
@inbook{douwen1984integers,
  title={The integers and topology},
  author={van Douwen, E. K.},
  booktitle={Handbook of Set-Theoretic Topology},
  pages={111--167},
  year={1984},
  publisher={North-Holland Amsterdam}
}

@article{bartoszynski1993chichon,
  title={The Cichoń diagram},
  volume={58},
  DOI={10.2307/2275212},
  number={2},
  journal={Journal of Symbolic Logic},
  author={Bartoszyński, T. and Judah, H. and Shelah, S.},
  year={1993},
  pages={401–423}
}
@article{bellini2021forcing,
  title={Forcing a classification of non-torsion {A}belian groups of size at most 2c with non-trivial convergent sequences},
  author={Bellini, M. K. and Rodrigues, V. O. and Tomita, A. H.},
  journal={Topology and its Applications},
  volume={296},
  pages={107684},
  year={2021},
  publisher={Elsevier}
}
@article{cantor1878beitrag,
  title={Ein beitrag zur mannigfaltigkeitslehre},
  author={Cantor, G.},
  journal={Journal f{\"u}r die reine und angewandte Mathematik (Crelles Journal)},
  volume={1878},
  number={84},
  pages={242--258},
  year={1878},
  publisher={De Gruyter}
}
@article{carvalho2024products,
  title={On products of {$\Delta$}-sets},
  author={Carvalho, R. and Rodrigues, V. O.},
  journal={Proc. Amer. Math. Soc.},
  volume={152},
  pages={5429--5443},
  year={2024},
}
@article{cohen1963independence,
  title={The independence of the continuum hypothesis},
  author={Cohen, P. J.},
  journal={Proceedings of the National Academy of Sciences},
  volume={50},
  number={6},
  pages={1143--1148},
  year={1963}
}
@article{corral2022fin,
  title={Fin-intersecting MAD families},
  author={Corral, C. and Rodrigues, V. O.},
  journal={Filomat},
  pages={2563--2578},
  volume={38},
  number={7},
  year={2022}
}
@article{goldstern2019chichon,
  author = {Goldstern, M. and Kellner, J. and Shelah, S.},
  title = {Cicho{\'n}'s {M}aximum},
  journal = {Ann. Math. (2)},
  issn = {0003-486X},
  volume = {190},
  number = {1},
  pages = {113--143},
  year = {2019},
  DOI = {10.4007/annals.2019.190.1.2},
}
@article{guzman2022maximal,
  title={Maximal almost disjoint families and pseudocompactness of hyperspaces},
  author={Guzm{\'a}n, O. and Hru{\v{s}}{\'a}k, M. and Rodrigues, V. O. and Todor{\v{c}}evi{\'c}, S. and Tomita, A. H.},
  journal={Topology and its Applications},
  volume={305},
  pages={107872},
  year={2022},
  publisher={Elsevier}
}
@article{hilbert1900mathematische,
author = {Hilbert, D.},
journal = {Nachrichten von der Gesellschaft der Wissenschaften zu Göttingen, Mathematisch-Physikalische Klasse},
language = {ger},
pages = {253-297},
title = {Mathematische Probleme},
url = {http://eudml.org/doc/58479},
volume = {1900},
year = {1900},
}
@article{kurepa1935ensembles,
 author = {Kurepa, G.},
 title = {Ensembles ordonn{\'e}s et ramifi{\'e}s.},
 fjournal = {Publications Math{\'e}matiques de l'Universit{\'e} de Belgrade},
 journal = {Publ. Math. Univ. Belgrade},
 volume = {4},
 pages = {1--138},
 year = {1935},
 language = {French},
 url = {https://eudml.org/doc/192853},
 zbMATH = {2534288},
 JFM = {61.0980.01}
}
@article{martin1970internal,
  title={Internal cohen extensions},
  author={Martin, Donald A and Solovay, Robert M},
  journal={Annals of Mathematical Logic},
  volume={2},
  number={2},
  pages={143--178},
  year={1970},
  publisher={North-Holland}
}
@article{miller1981some,
  title={Some properties of measure and category},
  author={Miller, A. W.},
  journal={Transactions of the American Mathematical Society},
  volume={266},
  number={1},
  pages={93--114},
  year={1981}
}
@article{rodrigues2021almost,
  title={Almost-normality of {I}sbell-{M}r{\'o}wka spaces},
  author={Rodrigues, V. O. and Ronchim, V. S.},
  journal={Topology and its Applications},
  volume={288},
  pages={107470},
  year={2021},
  publisher={Elsevier}
}
@article{solovay1971iterated,
  title={Iterated Cohen extensions and Souslin's problem},
  author={Solovay, R. M. and Tennenbaum, S.},
  journal={Annals of mathematics},
  volume={94},
  number={2},
  pages={201--245},
  year={1971},
  publisher={JSTOR}
}