@book{diestel2024graph,
  title={Graph Theory},
  author={Diestel, R.},
  year={2024},
  series={Graduate Texts in Mathematics},
  publisher={Springer Berlin, Heidelberg}
}
@book{isbell1964uniform,
  title={Uniform spaces},
  author={Isbell, J. R.},
  number={12},
  year={1964},
  series={Mathematical Surveys and Monographs},
  publisher={American Mathematical Soc.}
}
@book{hausdorff1914grundzuge,
  title={Grundz{\"u}ge der mengenlehre},
  author={Hausdorff, F.},
  volume={7},
  year={1914},
  publisher={von Veit}
}
@book{hrbacek2017introduction,
  title={Introduction to set theory, revised and expanded},
  author={Hrbacek, K. and Jech, T.},
  year={2017},
  publisher={{CRC} Press}
}
@book{godel1941consistency,
  url = {https://doi.org/10.1515/9781400881635},
  title = {Consistency of the Continuum Hypothesis},
  author = {Kurt Gödel},
  publisher = {Princeton University Press},
  address = {Princeton},
  doi = {doi:10.1515/9781400881635},
  isbn = {9781400881635},
  series = {Annals of Mathematics Studies},
  volume = {3},
  year = {1941},
  lastchecked = {2025-03-26}
}
@book{kunen2009foundations,
  title={The Foundations of Mathematics},
  author={Kunen, K.},
  isbn={9781904987147},
  series={Mathematical logic and foundations},
  url={https://books.google.com.br/books?id=_B_oQQAACAAJ},
  year={2009},
  publisher={College Publications}
}
@book{kunen2011set,
  title={Set Theory},
  author={Kunen, K.},
  isbn={9781848900509},
  series={Studies in logic},
  url={https://books.google.com.br/books?id=Zn8ppwAACAAJ},
  year={2011},
  publisher={College Publications}
}
@book{shalev2014understanding,
  title={Understanding machine learning: From theory to algorithms},
  author={Shalev-Shwartz, S. and Ben-David, S.},
  year={2014},
  publisher={Cambridge university press}
}

@inbook{blass2009combinatorial,
  title={Combinatorial cardinal characteristics of the continuum},
  author={Blass, A.},
  booktitle={Handbook of set theory},
  pages={395--489},
  year={2009},
  publisher={Springer}
}
@inbook{douwen1984integers,
  title={The integers and topology},
  author={van Douwen, E. K.},
  booktitle={Handbook of Set-Theoretic Topology},
  pages={111--167},
  year={1984},
  publisher={North-Holland Amsterdam}
}
@inbook{hernandez2018topology,
  author="Hern{\'a}ndez-Hern{\'a}ndez, F.
  and Hru{\v{s}}{\'a}k, M.",
  title="Topology of {M}r{\'o}wka-{I}sbell Spaces",
  bookTitle="Pseudocompact Topological Spaces: A Survey of Classic and New Results with Open Problems",
  year="2018",
  publisher="Springer International Publishing",
  address="Cham",
  pages="253--289",
  isbn="978-3-319-91680-4",
  doi="10.1007/978-3-319-91680-4_8",
  url="https://doi.org/10.1007/978-3-319-91680-4_8"
}
@inbook{hruvsak2007completely,
  title={Completely separable {MAD} families},
  author={Hru{\v{s}}{\'a}k, M. and Simon, P.},
  booktitle={Open problems in topology II},
  pages={179--184},
  year={2007},
  publisher={Elsevier}
}
@inbook{hrusak2007twenty,
title = {Twenty problems in set-theoretic topology},
booktitle = {Open Problems in Topology II},
publisher = {Elsevier},
address = {Amsterdam},
pages = {111-113},
year = {2007},
isbn = {978-0-444-52208-5},
doi = {https://doi.org/10.1016/B978-044452208-5/50010-7},
url = {https://www.sciencedirect.com/science/article/pii/B9780444522085500107},
author = {Michael H. and {Moore}, J. T.}
}
@inbook{hrusak2014almost,
  author="Hru{\v{s}}{\'a}k, M.",
  title="Almost Disjoint Families and Topology",
  bookTitle="Recent Progress in General Topology III",
  year="2014",
  publisher="Atlantis Press",
  address="Paris",
  pages="601--638",
  isbn="978-94-6239-024-9",
  doi="10.2991/978-94-6239-024-9_14",
  url="https://doi.org/10.2991/978-94-6239-024-9_14"
}
@inbook{miller1984special,
  title={Special subsets of the real line},
  author={Miller, A. W.},
  booktitle={Handbook of set-theoretic topology},
  pages={201--233},
  year={1984},
  publisher={Elsevier}
}
@inbook{przymusinski1977normality,
  title={Normality and separability of Moore spaces},
  author={Przymusi{\'n}ski, T. C.},
  booktitle={Set-theoretic topology},
  pages={325--337},
  year={1977},
  publisher={Elsevier}
}
@inbook{reed1990set,
  title={Set-theoretic problems in Moore spaces},
  author={Reed, G. M.},
  booktitle={Open problems in topology},
  pages={163--181},
  year={1990},
  publisher={Elsevier}
}
@inproceedings{pestov2011pac,
  title={PAC learnability versus VC dimension: a footnote to a basic result of statistical learning},
  author={Pestov, V.},
  booktitle={The 2011 International Joint Conference on Neural Networks},
  pages={1141--1145},
  year={2011},
  organization={IEEE}
}

@phdthesis{chapital2024onConstruction,
  title={On construction schemes: Building the uncountable
 from finite pieces},
  author={Chapital, J. A. C.},
  year={2024},
  school={Universidad Nacional Autónoma de
 México and Universidad Michoacana
 de San Nicolás de Hidalgo},
}
@phdthesis{tall1969set,
  title={Set-theoretic consistency results and topological theorems concerning the normal Moore space conjecture and related problems},
  author={Tall, F. D.},
  year={1969},
  school={University of Wisconsin-Madison},
}

@misc{almontashery2024semiproximalspacesnormality,
  title={Semi-proximal spaces and normality}, 
  author={Almontashery, K. and Szeptycki, P.},
  year={2024},
  eprint={2311.00539},
  archivePrefix={arXiv},
  primaryClass={math.GN},
  url={https://arxiv.org/abs/2311.00539}, 
}
@misc{boska2025edge,
      title={On edge-direction and compact edge-end spaces}, 
      author={Boska, G. and Duzi, M. and Júnior, P. M.},
      year={2025},
      eprint={2503.19088},
      archivePrefix={arXiv},
      primaryClass={math.CO},
      url={https://arxiv.org/abs/2503.19088}, 
}
@misc{chapital2023constructionschemestransferringstructures,
  title={Construction schemes: transferring structures from $\omega$ to $\omega_1$}, 
  author={Chapital, J. A. C. and Guzmán, O. and Todorcevic, S.},
  year={2023},
  eprint={2304.07624},
  archivePrefix={arXiv},
  primaryClass={math.LO},
  url={https://arxiv.org/abs/2304.07624}, 
}
@misc{kurkofka2024representation,
      title={A representation theorem for end spaces of infinite graphs}, 
      author={Kurkofka, J. and Pitz, M.},
      year={2024},
      eprint={2111.12670},
      archivePrefix={arXiv},
      primaryClass={math.CO},
      url={https://arxiv.org/abs/2111.12670}, 
}

@article{aharoni2011max,
  title={The max-flow min-cut theorem for countable networks},
  author={Aharoni, R. and Berger, E. and Georgakopoulos, A. and Perlstein, A. and Spr{\"u}ssel, P.},
  journal={Journal of Combinatorial Theory, Series B},
  volume={101},
  number={1},
  pages={1--17},
  year={2011},
  publisher={Elsevier}
}
@article{aurichi2024topological,
  title={Topological remarks on end and edge-end spaces},
  author={Aurichi, L. F. and J{\'u}nior, P. M. and Real, L.},
  journal={arXiv preprint arXiv:2404.17116},
  year={2024}
}
@article{balcar1980space,
  title={The space of ultrafilters on $N$ covered by nowhere dense sets},
  author={Balcar, B. and Pelant, J. and Simon, P.},
  journal={Fund. Math},
  volume={110},
  number={1},
  pages={11--24},
  year={1980}
}
@article{banakh2022q,
  title={$Q$-spaces, perfect spaces and related cardinal characteristics of the continuum},
  author={Banakh, T. and Bazylevych, L.},
  journal={arXiv preprint arXiv:2206.01667},
  year={2022}
}
@article{bartoszynski1993chichon,
  title={The Cichoń diagram},
  volume={58},
  DOI={10.2307/2275212},
  number={2},
  journal={Journal of Symbolic Logic},
  author={Bartoszyński, T. and Judah, H. and Shelah, S.},
  year={1993},
  pages={401–423}
}
@article{bellini2019countably,
  title={Countably compact group topologies on non-torsion {A}belian groups of size continuum with non-trivial convergent sequences},
  author={Bellini, M. K. and Boero, A. C. and Castro-Pereira, I. and Rodrigues, V. O. and Tomita, A. H.},
  journal={Topology and its Applications},
  volume={267},
  pages={106894},
  year={2019},
  publisher={Elsevier}
}
@article{bellini2021algebraic,
  title={Algebraic structure of countably compact non-torsion {A}belian groups of size continuum from selective ultrafilters},
  author={Bellini, M. K. and Boero, A. C. and Rodrigues, V. O. and Tomita, A. H.},
  journal={Topology and its Applications},
  volume={297},
  pages={107703},
  year={2021},
  publisher={Elsevier}
}
@article{bellini2021forcing,
  title={Forcing a classification of non-torsion {A}belian groups of size at most 2c with non-trivial convergent sequences},
  author={Bellini, M. K. and Rodrigues, V. O. and Tomita, A. H.},
  journal={Topology and its Applications},
  volume={296},
  pages={107684},
  year={2021},
  publisher={Elsevier}
}
@article{bellini2023countably,
  title={Countably compact group topologies on arbitrarily large free {A}belian groups},
  author={Bellini, M. K. and Hart, K. P. and Rodrigues, V. O. and Tomita, A. H.},
  journal={Topology and its Applications},
  volume={333},
  pages={108538},
  year={2023},
  publisher={Elsevier}
}
@article{blumer1989learnability,
  title={Learnability and the Vapnik-Chervonenkis dimension},
  author={Blumer, A. and Ehrenfeucht, A. and Haussler, D. and Warmuth, M. K.},
  journal={Journal of the ACM (JACM)},
  volume={36},
  number={4},
  pages={929--965},
  year={1989},
  publisher={ACM New York, NY, USA}
}
@article{brendle1999dow,
  title={Dow’s principle and {$Q$}-sets},
  author={Brendle, J.},
  journal={Canadian Mathematical Bulletin},
  volume={42},
  number={1},
  pages={13--24},
  year={1999},
  publisher={Cambridge University Press}
}
@article{brendle2004q,
  title={Q},
  author={Brendle, J.},
  journal={Lect. Notes Ser. Inst. Math. Sci. Natl. Univ. Singap.},
  volume={33},
  pages={1--10},
  year={2018},
}
@article{brendle2019construction,
  title={Construction with opposition: cardinal invariants and games},
  author={Brendle, J. and Hru{\v{s}}{\'a}k, M. and Torres-P{\'e}rez, V.},
  journal={Archive for Mathematical Logic},
  volume={58},
  number={7},
  pages={943--963},
  year={2019},
  publisher={Springer}
}
@article{cantor1878beitrag,
  title={Ein beitrag zur mannigfaltigkeitslehre},
  author={Cantor, G.},
  journal={Journal f{\"u}r die reine und angewandte Mathematik (Crelles Journal)},
  volume={1878},
  number={84},
  pages={242--258},
  year={1878},
  publisher={De Gruyter}
}
@article{cao2004countable,
  title={Countable compactness of hyperspaces and {G}insburg's questions},
  author={Cao, J. and Nogura, T. and Tomita, A. H.},
  journal={Topology and its Applications},
  volume={144},
  number={1-3},
  pages={133--145},
  year={2004},
  publisher={Elsevier}
}
@article{carvalho2024products,
  title={On products of {$\Delta$}-sets},
  author={Carvalho, R. and Rodrigues, V. O.},
  journal={Proc. Amer. Math. Soc.},
  volume={152},
  pages={5429--5443},
  year={2024},
}
@article{cohen1963independence,
  title={The independence of the continuum hypothesis},
  author={Cohen, P. J.},
  journal={Proceedings of the National Academy of Sciences},
  volume={50},
  number={6},
  pages={1143--1148},
  year={1963}
}
@article{corral2022fin,
  title={Fin-intersecting MAD families},
  author={Corral, C. and Rodrigues, V. O.},
  journal={Filomat},
  pages={2563--2578},
  volume={38},
  number={7},
  year={2022}
}
@article{corral2024new,
  title={New examples of MAD families with pseudocompact hyperspaces},
  author={Corral, C. and Rodrigues, V. O.},
  journal={Topology and its Applications},
  volume={342},
  pages={108773},
  year={2024},
  publisher={Elsevier}
}
@article{diestel2006end,
  title={End spaces and spanning trees},
  author={Diestel, R.},
  journal={Journal of Combinatorial Theory, Series B},
  volume={96},
  number={6},
  pages={846--854},
  year={2006},
  publisher={Academic Press}
}
@article{dowker1956homotopy,
  title={Homotopy extension theorems},
  author={Dowker, C. H.},
  journal={Proceedings of the London Mathematical Society},
  volume={3},
  number={1},
  pages={100--116},
  year={1956},
  publisher={Wiley Online Library}
}
@article{dudley1980empirical,
  title={Empirical processes, {V}apnik-{C}hervonenkis classes and Poisson processes},
  author={Durst, M. and Dudley, R. M.},
  journal={Probability and Mathematical Statistics},
  volume={1},
  number={2},
  pages={109--115},
  year={1980},
}
@article{erdos1972separability,
  title={Separability properties of almost—disjoint families of sets},
  author={Erd{\"o}s, P. and Shelah, S.},
  journal={Israel Journal of Mathematics},
  volume={12},
  pages={207--214},
  year={1972},
  publisher={Springer}
}
@article{leiderman2025delta,
  title={On $\Delta$-spaces},
  author={Leiderman, A. and Szeptycki, P.},
  journal={Israel Journal of Mathematics},
  pages={1--30},
  year={2025},
  publisher={Springer}
}
@article{galvin2007vcech,
  title={A {\v{C}}ech function in {ZFC}},
  author={Galvin, F. and Simon, P.},
  journal={Fundamenta Mathematicae},
  volume={193},
  number={2},
  pages={181--188},
  year={2007},
  publisher={Institute of Mathematics Polish Academy of Sciences}
}
@article{garcia1994some,
  title={Some generalizations of pseudocompactness},
  author={García-Ferreira, S.},
  journal={Annals of the New York Academy of Sciences},
  volume={728},
  number={1},
  pages={22--31},
  year={1994},
  publisher={Wiley Online Library}
}
@article{ginsburg1975some,
  title={Some results on the countable compactness and pseudocompactness of hyperspaces},
  author={Ginsburg, J.},
  journal={Canadian Journal of Mathematics},
  volume={27},
  number={6},
  pages={1392--1399},
  year={1975},
  publisher={Cambridge University Press}
}
@article{goldstern2019chichon,
  author = {Goldstern, M. and Kellner, J. and Shelah, S.},
  title = {Cicho{\'n}'s {M}aximum},
  journal = {Ann. Math. (2)},
  issn = {0003-486X},
  volume = {190},
  number = {1},
  pages = {113--143},
  year = {2019},
  DOI = {10.4007/annals.2019.190.1.2},
}

@article{guzman2021completely,
  title={On Completely Separable {MAD} Families},
  author={Guzm{\'a}n, O.},
  journal={Set Theory: Reals and Topology},
  volume={2198},
  pages={7--28},
  year={2021}
}
@article{guzman2022maximal,
  title={Maximal almost disjoint families and pseudocompactness of hyperspaces},
  author={Guzm{\'a}n, O. and Hru{\v{s}}{\'a}k, M. and Rodrigues, V. O. and Todor{\v{c}}evi{\'c}, S. and Tomita, A. H.},
  journal={Topology and its Applications},
  volume={305},
  pages={107872},
  year={2022},
  publisher={Elsevier}
}
@article{hechler1971classifying,
  title={Classifying almost-disjoint families with applications to $\beta N \setminus N$},
  author={Hechler, S. H.},
  journal={Israel Journal of Mathematics},
  volume={10},
  pages={413--432},
  year={1971},
  publisher={Springer}
}
@article{hilbert1900mathematische,
author = {Hilbert, D.},
journal = {Nachrichten von der Gesellschaft der Wissenschaften zu Göttingen, Mathematisch-Physikalische Klasse},
language = {ger},
pages = {253-297},
title = {Mathematische Probleme},
url = {http://eudml.org/doc/58479},
volume = {1900},
year = {1900},
}
@article{hrusak2007pseudocompactness,
  title={Pseudocompactness of hyperspaces},
  author={Hru{\v{s}}{\'a}k, M. and Hern{\'a}ndez-Hern{\'a}ndez, F. and Mart{\'\i}nez-Ruiz, I.},
  journal={Topology and its Applications},
  volume={154},
  number={17},
  pages={3048--3055},
  year={2007},
  publisher={Elsevier}
}
@article{huttenlocher1993comparing,
  title={Comparing images using the Hausdorff distance},
  author={Huttenlocher, D. P. and Klanderman, G. A. and Rucklidge, W. J.},
  journal={IEEE Transactions on pattern analysis and machine intelligence},
  volume={15},
  number={9},
  pages={850--863},
  year={1993},
  publisher={IEEE}
}
@article{jensen1972fine,
  title={The fine structure of the constructible hierarchy},
  author={Jensen, R. B.},
  journal={Annals of mathematical logic},
  volume={4},
  number={3},
  pages={229--308},
  year={1972},
  publisher={North-Holland}
}
@article{kakol2021characterization,
  title={A characterization of {X} for which spaces ${C}_p({X})$ are distinguished and its applications},
  author={Kakol, J. and Leiderman, A.},
  journal={Proceedings of the American Mathematical Society, Series B},
  volume={8},
  number={8},
  pages={86--99},
  year={2021}
}
@article{kunen1972ultrafilters,
  title={Ultrafilters and independent sets},
  author={Kunen, K.},
  journal={Transactions of the American Mathematical Society},
  volume={172},
  pages={299--306},
  year={1972}
}
@article{malliaris2016cofinality,
  title={Cofinality spectrum theorems in model theory, set theory, and general topology},
  author={Malliaris, M. and Shelah, S.},
  journal={Journal of the American Mathematical Society},
  volume={29},
  number={1},
  pages={237--297},
  year={2016}
}
@article{michael1951topologies,
  title={Topologies on spaces of subsets},
  author={Michael, E.},
  journal={Transactions of the American Mathematical Society},
  volume={71},
  number={1},
  pages={152--182},
  year={1951},
  publisher={JSTOR}
}
@article{mildenberger2014splitting,
  title={Splitting families and complete separability},
  author={Mildenberger, H. and Raghavan, D. and Steprans, J.},
  journal={Canadian Mathematical Bulletin},
  volume={57},
  number={1},
  pages={119--124},
  year={2014},
  publisher={Cambridge University Press}
}
@article{miller1981some,
  title={Some properties of measure and category},
  author={Miller, A. W.},
  journal={Transactions of the American Mathematical Society},
  volume={266},
  number={1},
  pages={93--114},
  year={1981}
}
@article{mrowka1955completely,
  title={On completely regular spaces},
  author={Mr{\'o}wka, S.},
  journal={Fundamenta Mathematicae},
  volume={41},
  number={1},
  pages={105--106},
  year={1955}
}
@article{mrowka1977some,
  title={Some set-theoretic constructions in topology},
  author={Mr{\'o}wka, S.},
  journal={Fundamenta Mathematicae},
  volume={94},
  pages={83--92},
  year={1977},
  publisher={Instytut Matematyczny Polskiej Akademii Nauk}
}
@article{ortiz2018small,
  title={Small cardinals and the pseudocompactness of hyperspaces of subspaces of $\beta$$\omega$},
  author={Ortiz-Castillo, Y. F. and Rodrigues, V. O. and Tomita, A. H.},
  journal={Topology and its Applications},
  volume={246},
  pages={9--21},
  year={2018},
  publisher={Elsevier}
}
@article{pestov2020learning,
  title={A learning problem whose consistency is equivalent to the non-existence of real-valued measurable cardinals},
  author={Pestov, V. G.},
  journal={arXiv preprint arXiv:2005.01886},
  year={2020}
}
@article{przymusinski1980existence,
  title={The existence of {Q}-sets is equivalent to the existence of strong {Q}-sets},
  author={Przymusi{\'n}ski, T. C.},
  journal={Proceedings of the American Mathematical Society},
  volume={79},
  number={4},
  pages={626--628},
  year={1980}
}
@article{rodrigues2019small,
  title={Small {MAD} families whose {I}sbell-{M}r{\'o}wka space has pseudocompact hyperspace},
  author={Rodrigues, V. O. and Tomita, A. H.},
  journal={Fundamenta Mathematicae},
  volume={247},
  number={1},
  pages={99},
  year={2019}
}
@article{rodrigues2021almost,
  title={Almost-normality of {I}sbell-{M}r{\'o}wka spaces},
  author={Rodrigues, V. O. and Ronchim, V. S.},
  journal={Topology and its Applications},
  volume={288},
  pages={107470},
  year={2021},
  publisher={Elsevier}
}
@article{rodrigues2023special,
abstract = {We recall some classical results relating normality and some natural weakenings of normality in $\Psi$-spaces over almost disjoint families of branches in the Cantor tree to special sets of reals like $Q$-sets, $\lambda$-sets and $\sigma$-sets. We introduce a new class of special sets of reals which corresponds to the corresponding almost disjoint family of branches being $\aleph_0$-separated. This new class fits between $\lambda$-sets and perfectly meager sets. We also discuss conditions for an almost disjoint family $\mathcal A$ being potentially almost-normal (pseudonormal), in the sense that $\mathcal A$ is almost-normal (pseudonormal) in some c.c.c. forcing extension.},
author = {Rodrigues, V. O. and Ronchim, V. S. and Szeptycki, P. J.},
journal = {Commentationes Mathematicae Universitatis Carolinae},
language = {eng},
number = {1},
pages = {109--126},
publisher = {Charles University in Prague, Faculty of Mathematics and Physics},
title = {Special sets of reals and weak forms of normality on {I}sbell-{M}rówka spaces},
url = {http://eudml.org/doc/299482},
volume = {64},
year = {2023},
}
@article{shelah2004two,
  title={Two cardinal invariants of the continuum $(\mathfrak d< \mathfrak a)$ and FS linearly ordered iterated forcing},
  author={Shelah, S.},
  journal={Acta Mathematica},
  volume={192},
  number={2},
  pages={187--223},
  year={2004}
}
@article{shelah2011mad,
  title={{MAD} saturated families and {SANE} player},
  author={Shelah, S.},
  journal={Canadian Journal of Mathematics},
  volume={63},
  number={6},
  pages={1416--1435},
  year={2011},
  publisher={Cambridge University Press}
}
@article{simon1980compact,
  title={A compact {F}r{\'e}chet space whose square is not {F}r{\'e}chet},
  author={Simon, P.},
  journal={Commentationes Mathematicae Universitatis Carolinae},
  volume={21},
  number={4},
  pages={749--753},
  year={1980},
  publisher={Charles University in Prague, Faculty of Mathematics and Physics}
}
@article{todorcevic2017construction,
  title={A construction scheme for non-separable structures},
  author={Todorcevic, S.},
  journal={Advances in Mathematics},
  volume={313},
  pages={564--589},
  year={2017},
  publisher={Elsevier}
}
@article{vietoris1922bereiche,
  title={Bereiche zweiter ordnung},
  author={Vietoris, L.},
  journal={Monatshefte f{\"u}r Mathematik und Physik},
  volume={32},
  pages={258--280},
  year={1922},
  publisher={Springer}
}
@article{wenocur1981some,
  title={Some special {V}apnik-{C}hervonenkis classes},
  author={Wenocur, R. S. and Dudley, R. M.},
  journal={Discrete Mathematics},
  volume={33},
  number={3},
  pages={313--318},
  year={1981},
  publisher={Elsevier}
}
